<?xml version="1.0" encoding="UTF-8"?><collection xmlns="http://www.loc.gov/MARC21/slim"><record><leader>00525nam--2200169-i-4500</leader><controlfield tag="001">000008656</controlfield><controlfield tag="002">20161230</controlfield><controlfield tag="005">20170114230957</controlfield><controlfield tag="008">060222s1000------------r-----000-0-eng-d</controlfield><datafield ind1=" " ind2=" " tag="080"><subfield code="a">577.39L</subfield></datafield><datafield ind1=" " ind2=" " tag="100"><subfield code="a">Bittel, Robert</subfield></datafield><datafield ind1=" " ind2=" " tag="245"><subfield code="a">Discussion bibliographique sur le comportement physico-chimique et la radioecologie du cobalt dans les systemes hydrobiologiques</subfield></datafield><datafield ind1=" " ind2=" " tag="260"><subfield code="a">Saclay</subfield><subfield code="b">Service Central De Documentation Du Cea</subfield><subfield code="c">1968</subfield></datafield><datafield ind1=" " ind2=" " tag="300"><subfield code="a">70 p</subfield></datafield><datafield ind1=" " ind2=" " tag="490"><subfield code="a">Cea-bib</subfield></datafield><datafield ind1=" " ind2=" " tag="852"><subfield code="a">D.1021</subfield></datafield><datafield ind1=" " ind2=" " tag="CAT"><subfield code="a">SYS</subfield><subfield code="c">20170114</subfield><subfield code="h">230957</subfield></datafield></record></collection>